@Article{def_DR,
  author =	 {M. Albadi and E. El-Saadany},
  title =	 {A summary of demand response in electricity markets},
  journal =	 {Electric Power System Research},
  year =	 2008,
  volume =	 78,
  number =	 {1989-1996}}

@Booklet{IEA,
  author =	 {International Energy Agency},
  title =	 {The Power to Choose - Demand Response in Liberalized Electricity Markets},
  year =	 2003}

@Article{REX_DP,
  author =	 {A. Faruqui and S. Sergici},
  title =	 {Household response to dynamic pricing of electricity: a survey of 15 experiments},
  journal =	 {Journal of Regulatory Economics},
  year =	 2010,
  volume =	 38,
  pages =	 {193-225}}


@InCollection{DECC_literature,
  author =	 {Department of Energy and Climate Change},
  title =	 {Demand Side Response in the domestic sector - a literature review of major trials},
  booktitle =	 {Frontier Economics and Sustainability First},
  publisher = {Department of Energy and Climate Change},
  year =	 2012}

@Article{Rex_baseline,
  author =	 {J. L. Bode and M. J. Sullivan and D. Berghman and J. H. Eto },
  title =	 {Incorporating residential AC load control into ancillary service markets: Measurement and Settlement},
  journal =	 {Energy Policy},
  year =	 2013,
  volume =	 56,
  pages =	 {175-185}}

@Article{eval_baseline,
  author =	 {K. Coughlin and M. A. Piette and C. Goldman and S. Kiliccote},
  title =	 {Statistical analysis of baseline load models for non-residential buildings},
  journal =	 {Energy and Buildings},
  year =	 2009,
  volume =	 41,
  number =	 {374-381}}

@Article{quantifying_berk,
  author =	 {J. Mathieu and P. N. Price and S. Kiliccote and M. Piette},
  title =	 {Quantifying changes in building electricity use with application to Demand Response},
  journal =	 {IEEE transaction on Smart Grid},
  year =	 2011,
  volume =	 2,
  number =	 3,
  pages =	 {507-518}}

@Article{energy_efficiency_gap,
  author =	 {H. Allcott and M. Greenstone},
  title =	 {Is there an Energy Efficiency Gap?},
  journal =	 {Journal of Economic Perspectives},
  year =	 2012,
  volume =	 26,
  pages =	 {3-28}}

@Article{behavorial_energy_policy,
  author =	 {H. Allcott and S. Mullainathan},
  title =	 {Behavorial Science and Energy Policy},
  journal =	 {Science magazine},
  year =	 2010,
  volume =	 327,
  number =	 5970,
  pages =	 {1204-1205}}

@Article{experimental_evidence,
  author =	 {A. Faruqui and S. Sergici and A. Sharif},
  title =	 {The impact of informational feedback on energy consumption - A survey of the experimental evidence},
  journal =	 {Energy},
  year =	 2010,
  volume =	 35,
  pages =	 {1598-1608}}

@Article{social_norms,
  author =	 {H. Allcott},
  title =	 {Social norms and energy conservation},
  journal =	 {Journal of Public Economics},
  year =	 2011,
  volume =	 95,
  pages =	 {1082-1095}}

@Article{directestimation,
  author =	 {L. Hatton and P. Charpentier and E. Matzner-L{\o}ber},
  title =	 {Statistical estimation of the residential
baseline},
  journal =	 {IEEE},
  year =	 2017}

@Book{bayesiandataanalysis,
  author =	 {A. Gelman and J. B. Carlin and H. Stern and D. B. Rubin},
  title =	 {Bayesian Data Analysis},
  publisher =	 {Chapman and Hall/CRC},
  year =	 1995}

@Booklet{EC_2009,
  title =	 {Directive 2009/72/EC of the European Parliament and of the Council of 13 July 2009 Concerning Common Rules for the Internal Market in Electricity and Repealing Directive 2003/54/EC},
  howpublished = {European Commission},
  year =	 2009}


@Article{interval,
  author =	 {T. Xiong and Y. Bao and Z. Hu},
  title =	 {Interval Forecasting of Electricity Demand: A Novel Bivariate EMD-based Support Vector Regression Modeling Framework},
  journal =	 {International Journal of Electrical Power and Energy Systems},
  year =	 2014,
  volume =	 63,
  pages =	 {353-362}}

@incollection{gewekediagnostic,
    address = {Oxford},
    author = {Geweke, J.},
    booktitle = {Bayesian Statistics 4},
    editor = {Bernardo, J. M. and Berger, J. and Dawid, A. P. and Smith, J. F. M.},
    pages = {169--193},
    publisher = {Oxford University Press},
    title = {Evaluating the accuracy of sampling-based approaches to calculating posterior moments},
    year = {1992}
}
@Article{coda,
    title = {CODA: Convergence Diagnosis and Output Analysis for MCMC},
    author = {Martyn Plummer and Nicky Best and Kate Cowles and Karen
      Vines},
    journal = {R News},
    year = {2006},
    volume = {6},
    number = {1},
    pages = {7--11},
    url = {https://journal.r-project.org/archive/},
    pdf = {https://www.r-project.org/doc/Rnews/Rnews_2006-1.pdf},
  }
@Conference{meyn,
  author =	 {Y. Chen and U. Hashimi and J. Mathias and A. Busic
  and S. Meyn},
  title =	 {Distributed Control Design for Balancing the Grid Using Flexible Loads},
  booktitle =	 {Energy Markets and Responsive Grids: Modeling, Control, and Optimization},
  year =	 {2018},
  OPTkey =	 {},
  OPTeditor =	 {S. Meyn and T. Samad and I. Hiskens and J. Stoustrup},
  OPTvolume =	 {},
  OPTnumber =	 {},
  OPTseries =	 {IMA Volumes in Mathematics and its Applications},
  OPTpages =	 {},
  OPTmonth =	 {},
  OPTaddress =	 {},
  OPTorganization = {},
  OPTpublisher = {Springer},
  OPTnote =	 {},
  OPTannote =	 {}
}

@TechReport{nedo,
  author =	 {Hiroshi Irie},
  title =	 {Case study: Japan--{U.S.} Collaborative Smart Grid
		  Demonstration Project in New Mexico Part 1 Efforts
		  in Los Alamos},
  institution =  {Mitsubishi Research Institute, Inc.},
  year =	 {2014},
  OPTkey =	 {},
  OPTtype =	 {},
  OPTnumber =	 {},
  OPTaddress =	 {},
  OPTmonth =	 {},
  OPTnote =	 {},
  OPTannote =	 {}
}
